@misc{sitecinIC,
  author = "CIn",
  title = "Introdução a Computação",
  url = "https://cin.ufpe.br/~pet/wiki/Introdu%C3%A7%C3%A3o_a_Computa%C3%A7%C3%A3o",
}

@article{artigo_computadores,
    author  = "Mara Calvello",
    title   = "A Complete History of Computers: From the 1800s to Now",
    year    = "2019",
    journal = "G2",
}

@misc{sitecinIP,
  author = "CIn",
  title = "Introdução a Programação",
  url = "https://cin.ufpe.br/~pet/wiki/Introdu%C3%A7%C3%A3o_a_Programa%C3%A7%C3%A3o",
}

@misc{sitecinHFC,
  author = "CIn",
  title = "História e Futuro da Computação",
  url = "https://cin.ufpe.br/~pet/wiki/Hist%C3%B3ria_e_Futuro_da_Computa%C3%A7%C3%A3o",
}